<record><leader>00000cas a2200000 a 4500</leader><controlfield tag="001">11736004</controlfield><controlfield tag="008">850226d19071909ksuwr ne      0   a0eng d</controlfield><datafield ind1=" " ind2=" " tag="010"><subfield code="a">sn 85030139 </subfield></datafield><datafield ind1=" " ind2=" " tag="040"><subfield code="a">KSH</subfield><subfield code="b">eng</subfield><subfield code="c">KSH</subfield><subfield code="d">NPT</subfield><subfield code="d">OCL</subfield><subfield code="d">OCLCQ</subfield></datafield><datafield ind1=" " ind2=" " tag="042"><subfield code="a">msc</subfield></datafield><datafield ind1="0" ind2="0" tag="245"><subfield code="a">La Cygne record.</subfield></datafield><datafield ind1=" " ind2=" " tag="260"><subfield code="a">La Cygne, Kan. :</subfield><subfield code="b">C.J. Moore,</subfield><subfield code="c">1907-1909.</subfield></datafield><datafield ind1=" " ind2=" " tag="300"><subfield code="a">3 v. :</subfield><subfield code="b">ill. ;</subfield><subfield code="c">39 cm.</subfield></datafield><datafield ind1=" " ind2=" " tag="310"><subfield code="a">Weekly</subfield></datafield><datafield ind1="0" ind2=" " tag="362"><subfield code="a">Vol. 1, no. 1 (Oct. 3, 1907)-v. 2, no. 17 (Jan. 21, 1909).</subfield></datafield><datafield ind1=" " ind2=" " tag="500"><subfield code="a">"Independent Republican."</subfield></datafield><datafield ind1=" " ind2=" " tag="752"><subfield code="a">United States</subfield><subfield code="b">Kansas</subfield><subfield code="c">Linn</subfield><subfield code="d">La Cygne.</subfield></datafield><datafield ind1="0" ind2="0" tag="785"><subfield code="t">Cygne weekly record</subfield><subfield code="w">(DLC)sn 85030137</subfield></datafield></record>